3041 4160
329 58 135 184 56

287 208 2542 190 solidité. ce sel réunit deux qualités

305 374 2638 180 de la plus grande importance. il rehausse

294 540 2587 156 l'éclat d'une infinité de couleurs et

298 693 2552 163 il les fixe d'une manière solide et

298 845 2517 167 durable. on met dans un baquet

294 1015 2559 142 contenant environ 50 seaux d'eau

294 1171 2538 167 40 a 50 livres d'alun de Rome qu'on

291 1324 2600 173 a fait dissoudre dans de l'eau chaude.

263 1471 2646 322 Les soïes dégorgées du bain de savon

284 1643 2576 190 et bien lavées sont plongées dans cet

291 1805 2486 259 alun où elles restent 8 a 9 heures.

284 1993 2545 139 Chaque teinture exige ensuite des

294 2149 2528 173 opérations différentes qu'il seroit

284 2301 2632 255 trop long de détailler et qu'il faut voir

277 2485 2590 173 dans la description de cet art par

291 2638 1127 170 Mr. Macquer.

319 2749 2520 201 Le Bleu se fait avec de l'indigo et

291 2903 2562 171 comme il est de l'espèce des matières

294 3074 2570 167 resineuses, celle qui est colorante

277 3217 2555 183 ne se dissolvant pas dans l'eau, il

284 3383 2538 153 exige des opérations particulieres

273 3522 2549 201 pour la diviser et dissoudre par des
