3068 4221
249 225 2484 225 Tout l'art de la teinture consiste

130 457 2558 186 a extraire les parties colorantes des

137 650 2653 183 differents corps qui les contiennent

98 787 2701 233 pour les faire passer sur les étoffes,

109 992 2571 263 de manière qu'elles sy' trouvent

105 1188 2678 190 appliquées le plus solidement qu'il

130 1353 2691 191 est possible. il n'est pas cependant

119 1543 2572 180 aussi facile de parvenir à ce but

126 1698 2748 250 qu'on pourroit le penser. il sembleroit

109 1862 2557 280 au premier coup d'oeil qu'il sufiroit

109 2028 2529 195 d'extraire par l'eau la couleur des

102 2213 2695 182 différents ingredients capables d'en

24 2395 2776 254 fournir et de plonger ou faire bouillir

119 2582 2583 204 dans cette eau ainsi chargée de

119 2743 2604 208 couleur les étoffes qu'on a dessein

105 2926 2593 225 de teindre, mais cette pratique si

102 3116 2652 201 simple et si commode ne peut avoir

80 3278 2685 207 Lieu que pour un fort petit nombre

98 3443 2621 165 de teintures. beaucoup ont besoin

126 3590 2593 272 de préparations particulières, soit

2536 87 130 183 51
