<?xml version="1.0" encoding="UTF-8"?>
<alto xmlns:xsi="http://www.w3.org/2001/XMLSchema-instance"
      xmlns="http://www.loc.gov/standards/alto/ns-v4#"
      xsi:schemaLocation="http://www.loc.gov/standards/alto/ns-v4# http://www.loc.gov/standards/alto/v4/alto-4-2.xsd">
  <Description>
    <MeasurementUnit>pixel</MeasurementUnit>
    <sourceImageInformation>
      <fileName>SIL-39088003186632_abreygeydesdesc00acad_0056.jpg</fileName>
      
    </sourceImageInformation>
  </Description>
  
  <Tags>
    <OtherTag ID="BT1729" LABEL="MainZone" DESCRIPTION="block type MainZone"/><OtherTag ID="BT1730" LABEL="TitlePageZone" DESCRIPTION="block type TitlePageZone"/><OtherTag ID="BT1731" LABEL="DropCapitalLine" DESCRIPTION="block type DropCapitalLine"/><OtherTag ID="BT1732" LABEL="NumberingZone" DESCRIPTION="block type NumberingZone"/><OtherTag ID="BT1735" LABEL="CustomZone" DESCRIPTION="block type CustomZone"/>
    <OtherTag ID="LT584" LABEL="DefaultLine" DESCRIPTION="line type DefaultLine"/><OtherTag ID="LT585" LABEL="DropCapitalLine" DESCRIPTION="line type DropCapitalLine"/><OtherTag ID="LT594" LABEL="HeadingLine:title" DESCRIPTION="line type HeadingLine:title"/>
  </Tags>
  
  <Layout>
    <Page WIDTH="3041"
          HEIGHT="4160"
          PHYSICAL_IMG_NR="12"
          ID="eSc_dummypage_">
      <PrintSpace HPOS="0"
                  VPOS="0"
                  WIDTH="3041"
                  HEIGHT="4160">
        
        <TextBlock HPOS="257"
                   VPOS="109"
                   WIDTH="246"
                   HEIGHT="190"
                   ID="eSc_textblock_adc93779"
                   TAGREFS="BT1732">
          <Shape><Polygon POINTS="257 109 257 299 503 299 503 109"/></Shape>
          
          
          <TextLine ID="eSc_line_f0d14f55"
                    TAGREFS="LT584"
                    BASELINE="301 249 461 242" 
                    HPOS="291"
                    VPOS="90"
                    WIDTH="170"
                    HEIGHT="180">
            <Shape><Polygon POINTS="301 249 291 90 450 107 461 242 457 253 301 270"/></Shape>
	    <String CONTENT="50"
                    HPOS="291"
                    VPOS="90"
                    WIDTH="170"
                    HEIGHT="180"></String>
          </TextLine>

          
        </TextBlock>
        
        <TextBlock HPOS="224"
                   VPOS="199"
                   WIDTH="2728"
                   HEIGHT="508"
                   ID="eSc_textblock_45e615d8"
                   TAGREFS="BT1729">
          <Shape><Polygon POINTS="2952 567 2952 288 2136 199 224 288 246 707 501 627"/></Shape>
          
          
          <TextLine ID="eSc_line_7c5a975d"
                    TAGREFS="LT584"
                    BASELINE="305 364 2923 370" 
                    HPOS="298"
                    VPOS="211"
                    WIDTH="2625"
                    HEIGHT="205">
            <Shape><Polygon POINTS="305 364 305 266 707 266 724 260 762 235 766 235 769 235 773 235 953 246 1154 211 1158 211 1286 235 1331 225 1334 225 1338 225 1341 225 1345 225 1380 249 1387 256 1508 256 1522 246 1567 218 1570 218 1574 218 1577 218 1761 242 1834 253 2052 253 2077 239 2135 211 2139 211 2142 211 2246 232 2344 211 2347 211 2604 228 2631 214 2635 214 2638 214 2642 214 2683 232 2711 242 2746 228 2791 211 2794 211 2798 211 2919 228 2923 370 2919 391 2774 412 2770 412 2767 412 2721 398 2697 416 2694 416 2690 416 2687 416 2229 395 1976 416 1973 416 1969 416 1896 395 1549 412 1546 412 1543 412 1494 391 696 412 693 412 690 412 627 391 523 412 520 412 516 412 464 391 412 412 409 412 405 412 402 412 298 384"/></Shape>
	    <String CONTENT="a en Normandie et une à Essonne"
                    HPOS="298"
                    VPOS="211"
                    WIDTH="2625"
                    HEIGHT="205"></String>
          </TextLine>

          
          
          <TextLine ID="eSc_line_eb8aaf9a"
                    TAGREFS="LT584"
                    BASELINE="301 551 1789 530" 
                    HPOS="301"
                    VPOS="412"
                    WIDTH="1488"
                    HEIGHT="198">
            <Shape><Polygon POINTS="301 551 301 454 319 468 360 454 402 443 405 443 405 443 405 443 409 443 409 443 412 443 412 443 447 457 533 485 617 485 665 457 735 419 735 419 735 419 738 419 738 419 738 419 818 416 821 416 821 416 825 416 825 416 825 416 828 416 828 416 828 419 873 461 884 471 991 478 1012 461 1057 416 1057 412 1057 412 1061 412 1061 412 1061 412 1064 412 1064 412 1067 412 1241 412 1241 412 1241 412 1244 412 1244 412 1244 412 1248 412 1248 412 1248 416 1300 461 1310 474 1373 474 1383 464 1442 412 1442 412 1445 412 1445 412 1445 412 1449 412 1449 412 1449 412 1452 412 1452 412 1456 412 1456 412 1456 412 1560 464 1570 468 1778 468 1789 530 1782 558 1726 551 1712 561 1681 589 1681 589 1678 589 1678 589 1678 589 1674 589 1674 589 1674 589 1536 592 1532 592 1532 592 1529 592 1529 592 1529 592 1525 592 1494 568 1477 558 1456 572 1452 572 1452 572 1452 572 1449 572 1449 572 1449 572 1445 572 1445 572 1442 572 1442 572 1442 572 1439 572 1439 572 1439 572 1421 558 1400 572 1373 592 1369 592 1369 592 1369 592 1366 592 1366 592 1366 592 1362 592 1362 592 1359 592 1359 592 1314 575 1282 565 1210 578 1158 589 1158 589 1158 589 1154 589 1154 589 1151 589 1151 589 1151 589 1137 582 1102 565 1005 585 960 596 960 596 960 596 957 596 957 596 957 596 953 596 932 589 863 565 794 592 794 592 790 592 790 592 790 592 787 592 787 592 783 592 783 592 783 592 780 592 780 592 745 565 586 565 502 585 499 585 499 585 495 585 495 585 495 585 419 572 384 603 384 606 384 606 381 606 381 606 381 606 377 606 377 606 377 606 301 610"/></Shape>
	    <String CONTENT="près de Paris.//."
                    HPOS="301"
                    VPOS="412"
                    WIDTH="1488"
                    HEIGHT="198"></String>
          </TextLine>

          
        </TextBlock>
        
        <TextBlock HPOS="341"
                   VPOS="662"
                   WIDTH="2460"
                   HEIGHT="515"
                   ID="eSc_textblock_693ff2bf"
                   TAGREFS="BT1730">
          <Shape><Polygon POINTS="341 718 341 1177 2801 1177 2801 718 637 662"/></Shape>
          
          
          <TextLine ID="eSc_line_c0c0edb7"
                    TAGREFS="LT594"
                    BASELINE="398 932 2604 939" 
                    HPOS="391"
                    VPOS="636"
                    WIDTH="2213"
                    HEIGHT="341">
            <Shape><Polygon POINTS="398 932 391 856 440 842 443 842 447 842 513 856 463 825 533 806 584 703 626 636 741 720 717 653 863 786 905 766 908 766 911 766 1113 766 1116 766 1120 766 1165 807 1227 814 1303 766 1307 766 1310 766 1314 766 1459 766 1463 766 1466 766 1497 790 1660 769 1664 769 1667 769 1771 804 1798 787 1886 804 1889 804 1893 804 1893 807 1994 800 2000 810 2475 827 2604 939 2600 953 2406 974 2402 974 2191 956 2177 956 1983 956 1979 956 1952 974 1948 974 1945 974 1945 977 1664 977 1660 974 1657 974 1612 956 1605 956 1549 956 1296 970 1293 970 1289 970 1286 970 1272 960 1258 953 398 960"/></Shape>
	    <String CONTENT="L&#39;art de la teinture"
                    HPOS="391"
                    VPOS="636"
                    WIDTH="2213"
                    HEIGHT="341"></String>
          </TextLine>

          
          
          <TextLine ID="eSc_line_b49db80c"
                    TAGREFS="LT594"
                    BASELINE="988 1126 1733 1133" 
                    HPOS="981"
                    VPOS="984"
                    WIDTH="752"
                    HEIGHT="163">
            <Shape><Polygon POINTS="988 1126 981 1053 1033 1036 1036 1036 1040 1036 1147 1043 1262 1053 1300 1036 1348 1015 1352 1015 1355 1015 1459 984 1591 1005 1726 1019 1733 1133 1726 1147 981 1144"/></Shape>
	    <String CONTENT="en Soïe"
                    HPOS="981"
                    VPOS="984"
                    WIDTH="752"
                    HEIGHT="163"></String>
          </TextLine>

          
        </TextBlock>
        
        <TextBlock HPOS="285"
                   VPOS="1221"
                   WIDTH="2739"
                   HEIGHT="2645"
                   ID="eSc_textblock_1698ea18"
                   TAGREFS="BT1729">
          <Shape><Polygon POINTS="291 1221 285 3866 3024 3815 3002 1221"/></Shape>
          
          
          <TextLine ID="eSc_line_54f23727"
                    TAGREFS="LT584"
                    BASELINE="329 1393 1796 1428 2940 1417" 
                    HPOS="322"
                    VPOS="1244"
                    WIDTH="2618"
                    HEIGHT="218">
            <Shape><Polygon POINTS="329 1393 322 1272 388 1244 388 1244 391 1244 391 1244 395 1244 565 1248 565 1248 565 1248 568 1248 568 1248 568 1248 624 1275 676 1306 1057 1306 1106 1286 1123 1279 1123 1279 1126 1279 1126 1279 1126 1279 1130 1279 1130 1279 1133 1279 1133 1279 1133 1279 1137 1279 1144 1286 1189 1313 1404 1313 1449 1289 1484 1272 1484 1272 1484 1272 1487 1272 1487 1272 1487 1272 1491 1272 1491 1272 1491 1272 1494 1272 1553 1293 1591 1303 1667 1303 1681 1293 1747 1261 1747 1261 1747 1261 1751 1261 1751 1261 1754 1261 2000 1261 2000 1261 2000 1261 2187 1303 2194 1303 2198 1303 2267 1265 2267 1265 2267 1265 2271 1265 2271 1265 2271 1265 2274 1265 2274 1265 2274 1265 2278 1265 2371 1296 2513 1268 2513 1268 2513 1268 2517 1268 2517 1268 2520 1268 2520 1268 2520 1268 2593 1303 2687 1289 2687 1289 2690 1289 2690 1289 2690 1289 2694 1289 2694 1289 2694 1289 2735 1313 2760 1324 2933 1317 2940 1417 2936 1438 2832 1459 2832 1459 2829 1459 2829 1459 2829 1459 2732 1442 2704 1459 2701 1459 2701 1459 2701 1459 2697 1459 2697 1459 2694 1459 2694 1459 2524 1442 2472 1462 2472 1462 2468 1462 2468 1462 2468 1462 2465 1462 2201 1445 2097 1462 2097 1462 2094 1462 2094 1462 2094 1462 2090 1462 2011 1438 1830 1459 1830 1459 1827 1459 1827 1459 1640 1438 1539 1449 1539 1449 1536 1449 1536 1449 1536 1449 1532 1449 1532 1449 1529 1449 1501 1431 1324 1445 1321 1445 1321 1445 1321 1445 1317 1445 1317 1445 1314 1445 1286 1428 1241 1452 1241 1452 1241 1452 1237 1452 1237 1452 1237 1456 1095 1456 1092 1452 1092 1452 1088 1452 1088 1452 1088 1452 1029 1421 898 1438 898 1438 894 1438 468 1414 457 1414 454 1414 391 1431 388 1431 388 1431 384 1431 384 1431 384 1431 381 1431 322 1410"/></Shape>
	    <String CONTENT="Les avantages de l&#39;art de la teinture"
                    HPOS="322"
                    VPOS="1244"
                    WIDTH="2618"
                    HEIGHT="218"></String>
          </TextLine>

          
          
          <TextLine ID="eSc_line_5423a5b7"
                    TAGREFS="LT584"
                    BASELINE="322 1570 2919 1618" 
                    HPOS="319"
                    VPOS="1442"
                    WIDTH="2600"
                    HEIGHT="218">
            <Shape><Polygon POINTS="322 1570 325 1462 377 1487 409 1462 440 1442 443 1442 443 1442 443 1442 447 1442 447 1442 450 1442 627 1445 627 1445 627 1445 631 1445 631 1445 634 1445 672 1469 735 1508 870 1508 991 1508 1036 1476 1064 1459 1067 1459 1067 1459 1067 1459 1071 1459 1071 1459 1074 1459 1074 1459 1074 1459 1078 1459 1078 1459 1078 1459 1081 1459 1109 1480 1158 1514 1241 1514 1317 1494 1321 1494 1321 1494 1324 1494 1324 1494 1324 1494 1328 1494 1393 1514 1442 1487 1480 1462 1484 1462 1484 1462 1487 1462 1487 1462 1487 1462 1491 1462 1491 1462 1494 1462 1494 1462 1494 1462 1546 1487 1612 1525 1820 1525 1875 1494 1917 1469 1920 1469 1920 1469 1924 1469 1924 1469 1924 1469 1927 1469 1927 1469 1931 1469 2035 1497 2059 1504 2083 1501 2194 1476 2194 1476 2194 1476 2198 1476 2198 1476 2201 1476 2201 1476 2201 1476 2205 1476 2243 1504 2292 1535 2354 1535 2479 1521 2479 1521 2482 1521 2482 1521 2486 1521 2555 1539 2590 1511 2624 1483 2624 1483 2628 1483 2628 1483 2628 1483 2631 1483 2631 1483 2635 1483 2791 1487 2791 1487 2791 1487 2794 1487 2794 1487 2794 1487 2798 1487 2798 1487 2832 1514 2857 1535 2909 1518 2919 1618 2916 1639 2753 1653 2749 1653 2749 1653 2749 1653 2746 1653 2746 1653 2701 1636 2676 1629 2628 1636 2555 1646 2555 1646 2552 1646 2552 1646 2552 1646 2548 1646 2548 1646 2548 1646 2545 1646 2527 1632 2513 1622 2344 1618 2298 1629 2184 1660 2181 1660 2181 1660 2177 1660 2177 1660 2177 1660 1997 1625 1952 1615 1941 1622 1917 1643 1917 1643 1914 1643 1914 1643 1910 1643 1910 1643 1910 1643 1907 1643 1907 1643 1903 1643 1823 1622 1789 1612 1768 1618 1716 1643 1716 1643 1712 1643 1712 1643 1712 1643 1709 1643 1709 1643 1706 1643 1706 1643 1706 1643 1653 1618 1647 1612 1234 1605 1210 1608 1147 1625 1144 1625 1144 1625 1140 1625 1140 1625 1005 1605 929 1594 870 1601 693 1632 693 1632 690 1632 558 1629 558 1629 558 1629 554 1629 554 1629 554 1629 551 1629 506 1598 485 1584 319 1591"/></Shape>
	    <String CONTENT="et l&#39;importance dont il est pour Le"
                    HPOS="319"
                    VPOS="1442"
                    WIDTH="2600"
                    HEIGHT="218"></String>
          </TextLine>

          
          
          <TextLine ID="eSc_line_02206097"
                    TAGREFS="LT584"
                    BASELINE="329 1750 1862 1781 2857 1774" 
                    HPOS="319"
                    VPOS="1643"
                    WIDTH="2538"
                    HEIGHT="190">
            <Shape><Polygon POINTS="329 1750 319 1691 388 1643 391 1643 391 1643 391 1643 395 1643 395 1643 395 1643 398 1643 398 1643 402 1643 586 1691 599 1691 634 1688 759 1677 762 1677 762 1677 856 1688 932 1695 981 1684 1043 1674 1043 1674 1043 1674 1047 1674 1047 1674 1047 1674 1050 1674 1085 1684 1102 1691 1109 1684 1151 1653 1151 1653 1154 1653 1154 1653 1154 1653 1158 1653 1158 1653 1161 1653 1276 1653 1276 1653 1276 1653 1279 1653 1279 1653 1279 1653 1334 1684 1362 1698 1421 1681 1511 1657 1515 1657 1515 1657 1518 1657 1518 1657 1518 1657 1522 1657 1522 1657 1522 1657 1525 1657 1560 1681 1563 1681 1598 1681 1789 1670 1792 1670 1792 1670 1792 1670 1796 1670 1796 1670 1799 1670 1810 1677 1855 1705 1969 1691 1969 1691 1973 1691 1973 1691 2094 1709 2278 1688 2278 1688 2281 1688 2281 1688 2285 1688 2285 1688 2330 1709 2614 1709 2701 1670 2701 1670 2701 1670 2704 1670 2704 1670 2708 1670 2853 1670 2857 1774 2850 1802 2645 1799 2638 1802 2579 1833 2579 1833 2579 1833 2576 1833 2576 1833 2572 1833 2472 1830 2472 1830 2472 1830 2468 1830 2468 1830 2402 1799 2396 1795 2364 1799 2080 1826 2080 1826 2077 1826 2077 1826 2073 1826 1945 1792 1941 1792 1907 1792 1203 1802 1199 1802 1199 1802 1196 1802 1196 1802 1196 1802 1192 1802 1168 1785 1126 1813 1123 1813 1123 1813 1123 1813 1120 1813 1120 1813 1120 1816 963 1816 960 1813 960 1813 957 1813 957 1813 873 1778 866 1774 846 1774 696 1795 696 1795 693 1795 693 1795 690 1795 690 1795 631 1774 402 1792 398 1792 398 1792 398 1792 395 1792 322 1768"/></Shape>
	    <String CONTENT="commerce sont trop connus, pour qu&#39;il"
                    HPOS="319"
                    VPOS="1643"
                    WIDTH="2538"
                    HEIGHT="190"></String>
          </TextLine>

          
          
          <TextLine ID="eSc_line_3f06a220"
                    TAGREFS="LT584"
                    BASELINE="336 1930 2988 1969" 
                    HPOS="332"
                    VPOS="1809"
                    WIDTH="2656"
                    HEIGHT="191">
            <Shape><Polygon POINTS="336 1930 336 1809 502 1813 502 1813 502 1813 506 1813 506 1813 509 1813 509 1813 509 1813 554 1847 617 1816 620 1816 620 1816 620 1816 624 1816 624 1816 627 1816 880 1820 880 1820 880 1820 911 1826 1071 1868 1178 1868 1262 1837 1300 1823 1303 1823 1303 1823 1303 1823 1307 1823 1411 1826 1411 1826 1411 1826 1414 1826 1414 1826 1456 1844 1518 1868 1570 1847 1612 1830 1612 1830 1615 1830 1615 1830 1615 1830 1619 1830 1619 1830 1622 1830 1692 1851 1771 1872 1900 1858 1931 1854 1931 1854 1934 1854 1934 1854 1966 1858 2070 1878 2298 1868 2427 1865 2430 1865 2430 1865 2524 1875 2600 1885 2624 1878 2732 1844 2735 1844 2735 1844 2735 1844 2739 1844 2739 1844 2742 1844 2742 1844 2742 1844 2746 1844 2746 1844 2798 1885 2805 1892 2985 1892 2988 1969 2982 2000 2472 1976 2420 1996 2406 2000 2406 2000 2402 2000 2402 2000 2399 2000 2399 2000 2399 2000 2396 2000 2382 1996 2309 1972 2215 1993 2194 1996 2194 1996 2194 1996 2191 1996 2191 1996 2187 1996 2174 1993 2090 1969 1865 1989 1785 1996 1785 1996 1782 1996 1782 1996 1778 1996 1778 1996 1758 1989 1699 1965 1591 1986 1588 1986 1588 1986 1588 1986 1584 1986 1584 1986 1581 1986 1581 1986 1581 1986 1501 1958 1387 1979 1387 1979 1387 1979 1383 1979 1383 1979 1220 1955 998 1972 995 1972 995 1972 995 1972 991 1972 991 1972 950 1955 901 1979 901 1979 901 1979 901 1979 898 1979 898 1979 894 1979 894 1979 894 1979 891 1979 891 1979 797 1948 748 1965 748 1965 745 1965 745 1965 742 1965 742 1965 742 1965 648 1948 527 1976 520 1976 520 1976 520 1976 516 1976 332 1972"/></Shape>
	    <String CONTENT="soit besoin de les exposer ici chacun"
                    HPOS="332"
                    VPOS="1809"
                    WIDTH="2656"
                    HEIGHT="191"></String>
          </TextLine>

          
          
          <TextLine ID="eSc_line_608829a7"
                    TAGREFS="LT584"
                    BASELINE="322 2107 2884 2135" 
                    HPOS="315"
                    VPOS="1989"
                    WIDTH="2569"
                    HEIGHT="191">
            <Shape><Polygon POINTS="322 2107 315 2038 402 1989 405 1989 409 1989 638 1989 641 1989 644 1989 676 2014 721 2000 724 2000 728 2000 731 2000 859 2031 898 2041 960 2041 974 2031 1009 2007 1012 2007 1015 2007 1019 2007 1022 2007 1026 2007 1057 2031 1074 2045 1120 2031 1220 1996 1224 1996 1227 1996 1230 1996 1317 2028 1373 2048 1574 2048 1615 2024 1657 2003 1660 2003 1664 2003 1768 2003 1771 2003 1775 2003 1803 2024 1841 2052 1893 2021 1917 2010 1920 2010 1924 2010 1927 2010 1955 2021 2038 2059 2358 2003 2572 2059 2638 2014 2642 2014 2645 2014 2649 2014 2739 2014 2742 2014 2746 2014 2777 2041 2878 2014 2884 2135 2884 2142 2787 2170 2784 2170 2780 2170 2777 2170 2718 2156 2663 2180 2659 2180 2656 2180 2524 2152 2489 2166 2486 2166 2482 2166 2479 2166 2475 2166 2451 2145 2448 2145 2278 2177 2274 2177 2271 2177 2198 2145 2181 2138 2049 2145 1837 2159 1834 2159 1830 2159 1799 2149 1764 2135 1716 2149 1653 2163 1650 2163 1647 2163 1643 2163 1608 2149 1574 2135 1473 2135 1445 2149 1397 2166 1393 2166 1390 2166 1387 2166 1383 2166 1362 2149 1352 2142 1334 2149 1289 2166 1286 2166 1282 2166 1123 2163 1120 2163 1116 2163 1102 2149 1078 2128 1029 2149 1022 2152 1019 2152 1015 2152 1012 2152 1005 2149 957 2125 818 2125 773 2152 762 2159 759 2159 755 2159 755 2163 648 2163 644 2159 551 2152 537 2149 533 2149 530 2149 495 2121 391 2121 325 2152"/></Shape>
	    <String CONTENT="sait que c&#39;est par le secours de cet"
                    HPOS="315"
                    VPOS="1989"
                    WIDTH="2569"
                    HEIGHT="191"></String>
          </TextLine>

          
          
          <TextLine ID="eSc_line_bd606460"
                    TAGREFS="LT584"
                    BASELINE="325 2291 2836 2312" 
                    HPOS="322"
                    VPOS="2184"
                    WIDTH="2514"
                    HEIGHT="166">
            <Shape><Polygon POINTS="325 2291 322 2190 381 2187 384 2187 384 2187 384 2187 388 2187 388 2187 388 2187 391 2187 391 2187 395 2190 426 2215 568 2194 638 2184 638 2184 641 2184 641 2184 641 2184 644 2184 679 2194 745 2218 995 2218 1019 2201 1019 2201 1022 2201 1022 2201 1022 2201 1026 2201 1026 2201 1026 2201 1029 2201 1029 2201 1036 2201 1165 2222 1307 2204 1432 2190 1432 2190 1435 2190 1435 2190 1439 2190 1511 2208 1581 2225 1667 2211 1751 2197 1751 2197 1754 2197 1754 2197 1754 2197 1758 2197 1816 2215 1862 2225 1903 2215 1993 2194 1993 2194 1993 2194 1997 2194 1997 2194 2000 2194 2090 2218 2094 2218 2097 2218 2125 2204 2125 2204 2125 2204 2129 2204 2129 2204 2132 2204 2132 2204 2132 2204 2135 2204 2135 2204 2135 2204 2139 2204 2139 2204 2156 2218 2170 2229 2229 2222 2385 2197 2385 2197 2389 2197 2389 2197 2389 2197 2392 2197 2392 2197 2396 2197 2437 2225 2451 2232 2520 2225 2656 2211 2656 2211 2659 2211 2659 2211 2663 2211 2663 2211 2663 2211 2666 2211 2687 2229 2697 2232 2829 2232 2836 2312 2832 2319 2617 2350 2617 2350 2614 2350 2614 2350 2614 2350 2611 2350 2611 2350 2607 2350 2572 2329 2444 2346 2444 2346 2441 2346 2441 2346 2441 2346 2437 2346 2437 2346 2434 2346 2434 2346 2434 2343 2402 2319 2402 2319 2357 2319 2288 2319 2253 2340 2250 2340 2250 2340 2250 2340 2246 2340 2246 2340 2243 2340 2243 2340 2077 2319 2011 2340 2007 2340 2007 2340 2007 2340 2004 2340 2004 2340 2000 2340 2000 2340 1938 2315 1889 2333 1889 2333 1886 2333 1886 2333 1882 2333 1882 2333 1882 2333 1879 2333 1827 2315 1803 2336 1803 2336 1799 2336 1799 2336 1799 2336 1796 2336 1796 2336 1792 2336 1792 2336 1792 2336 1789 2336 1789 2336 1789 2336 1747 2315 1695 2343 1695 2343 1695 2343 1692 2343 1692 2343 1692 2346 1584 2346 1581 2343 1581 2343 1577 2343 1491 2315 1262 2340 1262 2340 1258 2340 1258 2340 1258 2340 1165 2319 1144 2336 1144 2336 1140 2336 1140 2336 1140 2336 1137 2336 1137 2336 1137 2336 1133 2336 1133 2336 1133 2336 1130 2336 1130 2336 1067 2308 1064 2308 1043 2308 551 2333 547 2333 547 2333 547 2333 544 2333 544 2333 544 2333 540 2333 513 2312 457 2329 454 2329 454 2329 454 2329 450 2329 450 2329 322 2301"/></Shape>
	    <String CONTENT="art que nous transportons sur nos"
                    HPOS="322"
                    VPOS="2184"
                    WIDTH="2514"
                    HEIGHT="166"></String>
          </TextLine>

          
          
          <TextLine ID="eSc_line_d5ee40f4"
                    TAGREFS="LT584"
                    BASELINE="304 2495 2874 2509" 
                    HPOS="304"
                    VPOS="2323"
                    WIDTH="2570"
                    HEIGHT="211">
            <Shape><Polygon POINTS="315 2478 304 2323 1403 2384 1376 2400 1497 2378 1501 2378 1504 2378 1508 2378 1595 2409 1733 2378 1737 2378 1740 2378 1744 2378 1810 2419 1969 2385 1973 2385 1976 2385 2122 2423 2264 2385 2267 2385 2271 2385 2382 2388 2385 2388 2389 2388 2441 2423 2538 2388 2541 2388 2545 2388 2760 2392 2763 2392 2874 2444 2874 2509 2867 2534 312 2502"/></Shape>
	    <String CONTENT="habillements et sur nos Meubles."
                    HPOS="304"
                    VPOS="2323"
                    WIDTH="2570"
                    HEIGHT="211"></String>
          </TextLine>

          
          
          <TextLine ID="eSc_line_e048bdd4"
                    TAGREFS="LT584"
                    BASELINE="322 2669 2874 2686" 
                    HPOS="319"
                    VPOS="2544"
                    WIDTH="2555"
                    HEIGHT="156">
            <Shape><Polygon POINTS="322 2669 319 2568 457 2544 457 2544 461 2544 461 2544 461 2544 464 2544 464 2544 520 2568 561 2589 596 2572 631 2551 631 2551 631 2551 634 2551 634 2551 634 2551 638 2551 638 2551 641 2551 641 2551 641 2551 683 2572 717 2593 790 2593 821 2575 870 2548 870 2548 870 2548 873 2548 873 2548 877 2548 936 2548 936 2548 936 2548 939 2548 939 2548 939 2548 943 2548 988 2575 1019 2596 1206 2596 1227 2579 1265 2551 1265 2551 1269 2551 1269 2551 1272 2551 1272 2551 1272 2551 1276 2551 1276 2551 1276 2551 1279 2551 1279 2551 1279 2551 1282 2551 1324 2582 1345 2596 1428 2582 1487 2575 1487 2575 1491 2575 1491 2575 1491 2575 1494 2575 1494 2575 1518 2586 1549 2600 1706 2600 1726 2589 1796 2558 1796 2558 1799 2558 1799 2558 1799 2558 1803 2558 1803 2558 1806 2558 1806 2558 1855 2579 1893 2554 1896 2554 1896 2554 1896 2554 1900 2554 1900 2554 1903 2554 2021 2554 2021 2554 2021 2554 2298 2596 2326 2600 2337 2596 2434 2558 2434 2558 2437 2558 2437 2558 2437 2558 2441 2558 2441 2558 2444 2558 2531 2582 2569 2558 2572 2558 2572 2558 2572 2558 2576 2558 2576 2558 2579 2558 2680 2558 2680 2558 2680 2558 2683 2558 2683 2558 2683 2558 2687 2558 2760 2603 2763 2606 2871 2606 2874 2686 2867 2700 319 2683"/></Shape>
	    <String CONTENT="Les couleurs vives et brillantes dont"
                    HPOS="319"
                    VPOS="2544"
                    WIDTH="2555"
                    HEIGHT="156"></String>
          </TextLine>

          
          
          <TextLine ID="eSc_line_87564b9e"
                    TAGREFS="LT584"
                    BASELINE="322 2853 2916 2863" 
                    HPOS="319"
                    VPOS="2717"
                    WIDTH="2600"
                    HEIGHT="205">
            <Shape><Polygon POINTS="322 2853 319 2738 464 2717 464 2717 468 2717 468 2717 471 2717 471 2717 471 2717 475 2717 502 2738 523 2749 631 2745 634 2745 634 2745 638 2745 638 2745 638 2745 690 2769 814 2742 846 2735 846 2735 846 2735 849 2735 849 2735 853 2735 880 2742 991 2773 1792 2773 1841 2749 1896 2721 1896 2721 1896 2721 1900 2721 1900 2721 1903 2721 1903 2721 2056 2742 2250 2724 2250 2724 2253 2724 2253 2724 2257 2724 2257 2724 2260 2724 2260 2724 2292 2749 2333 2724 2333 2724 2333 2724 2337 2724 2337 2724 2340 2724 2565 2728 2565 2728 2565 2728 2694 2752 2735 2724 2739 2724 2739 2724 2739 2724 2742 2724 2742 2724 2746 2724 2846 2724 2846 2724 2846 2724 2850 2724 2850 2724 2850 2724 2919 2759 2916 2863 2916 2873 2843 2908 2843 2908 2839 2908 2839 2908 2839 2908 2836 2908 2836 2908 2832 2908 2832 2908 2749 2877 2663 2918 2663 2918 2663 2918 2659 2918 2659 2918 2659 2922 2458 2922 2454 2918 2454 2918 2451 2918 2451 2918 2451 2918 2399 2891 2337 2908 2333 2908 2333 2908 2330 2908 2330 2908 2330 2908 2326 2908 2326 2908 2267 2880 2226 2908 2222 2908 2222 2908 2222 2908 2219 2908 2219 2908 2215 2908 2215 2908 2215 2908 2212 2908 2212 2908 2212 2908 2163 2884 1834 2891 1830 2891 1830 2891 1827 2891 1827 2891 1827 2891 1823 2891 1823 2891 1799 2870 1799 2870 1796 2870 1674 2898 1674 2898 1674 2898 1671 2898 1272 2870 1071 2912 1071 2912 1071 2915 880 2915 877 2912 877 2912 873 2912 873 2912 783 2877 690 2891 690 2891 686 2891 686 2891 686 2891 572 2866 568 2866 322 2866"/></Shape>
	    <String CONTENT="la Nature pare avec tant d&#39;éclat sur"
                    HPOS="319"
                    VPOS="2717"
                    WIDTH="2600"
                    HEIGHT="205"></String>
          </TextLine>

          
          
          <TextLine ID="eSc_line_2b91c4f2"
                    TAGREFS="LT584"
                    BASELINE="329 3040 2891 3047" 
                    HPOS="325"
                    VPOS="2903"
                    WIDTH="2566"
                    HEIGHT="182">
            <Shape><Polygon POINTS="329 3040 329 2953 481 2953 488 2953 551 2908 554 2908 558 2908 561 2908 565 2908 700 2953 707 2953 710 2953 797 2908 800 2908 804 2908 988 2953 1002 2957 1249 2935 1347 2903 1400 2925 1404 2925 1407 2925 1411 2925 1414 2925 1418 2925 1449 2953 1452 2957 1553 2957 1560 2953 1643 2912 1647 2912 1650 2912 2011 2912 2014 2912 2070 2939 2122 2912 2125 2912 2129 2912 2215 2912 2219 2912 2222 2912 2267 2943 2305 2912 2309 2912 2312 2912 2316 2912 2409 2912 2413 2912 2416 2912 2458 2939 2604 2918 2607 2918 2888 2953 2891 3047 2888 3057 2555 3078 2552 3078 2458 3061 2441 3061 2420 3064 2260 3085 2257 3085 2253 3085 2201 3064 2181 3054 1664 3054 1633 3068 1619 3074 1615 3074 1612 3074 1608 3074 1591 3071 1539 3054 1304 3076 1210 3071 1151 3081 1147 3081 1029 3074 832 3061 759 3074 731 3081 728 3081 724 3081 714 3078 672 3054 513 3071 509 3071 506 3071 475 3054 443 3078 443 3081 440 3081 436 3081 433 3081 325 3078"/></Shape>
	    <String CONTENT="plus belles productions. La teinture"
                    HPOS="325"
                    VPOS="2903"
                    WIDTH="2566"
                    HEIGHT="182"></String>
          </TextLine>

          
          
          <TextLine ID="eSc_line_2b424f53"
                    TAGREFS="LT584"
                    BASELINE="325 3217 2957 3199" 
                    HPOS="315"
                    VPOS="3064"
                    WIDTH="2642"
                    HEIGHT="187">
            <Shape><Polygon POINTS="325 3217 315 3137 419 3088 419 3088 423 3088 423 3088 423 3088 426 3088 426 3088 429 3088 429 3088 429 3088 513 3133 606 3078 610 3078 610 3078 610 3078 613 3078 613 3078 617 3078 811 3081 811 3081 811 3081 814 3081 814 3081 814 3081 818 3081 894 3130 898 3133 1369 3133 1387 3126 1546 3071 1549 3071 1549 3071 1549 3071 1553 3071 1553 3071 1556 3071 1556 3071 1556 3071 1653 3120 1751 3071 1751 3071 1751 3071 1754 3071 1754 3071 1758 3071 1758 3071 1758 3071 1761 3071 1761 3071 1868 3120 1903 3092 1903 3092 1907 3092 1907 3092 1910 3092 1910 3092 1910 3092 1914 3092 1914 3092 2066 3120 2097 3123 2108 3120 2160 3085 2163 3085 2163 3085 2167 3085 2167 3085 2167 3085 2170 3085 2170 3085 2260 3095 2295 3068 2295 3068 2298 3068 2298 3068 2298 3068 2302 3068 2302 3068 2302 3068 2430 3064 2434 3064 2614 3064 2614 3064 2614 3064 2617 3064 2617 3064 2725 3113 2746 3123 2794 3123 2815 3113 2884 3071 2884 3071 2884 3071 2888 3071 2888 3071 2888 3071 2891 3071 2891 3071 2895 3071 2895 3071 2895 3071 2898 3071 2957 3109 2957 3199 2954 3220 2690 3234 2687 3234 2569 3227 2427 3217 2215 3230 2094 3237 2090 3237 2090 3237 2042 3234 1948 3220 1879 3234 1841 3241 1841 3241 1841 3241 1376 3244 1373 3244 1296 3241 1054 3227 846 3248 814 3248 814 3248 811 3248 762 3248 391 3230 329 3251"/></Shape>
	    <String CONTENT="des laines en est à la vérité la branche"
                    HPOS="315"
                    VPOS="3064"
                    WIDTH="2642"
                    HEIGHT="187"></String>
          </TextLine>

          
          
          <TextLine ID="eSc_line_74f291a1"
                    TAGREFS="LT584"
                    BASELINE="329 3393 2943 3383" 
                    HPOS="315"
                    VPOS="3255"
                    WIDTH="2628"
                    HEIGHT="194">
            <Shape><Polygon POINTS="329 3393 315 3310 377 3262 377 3262 381 3262 381 3262 381 3262 384 3262 384 3262 388 3262 388 3262 388 3262 561 3303 683 3262 683 3262 686 3262 686 3262 690 3262 762 3262 762 3262 762 3262 766 3262 766 3262 766 3262 769 3262 835 3303 835 3307 974 3307 977 3303 1047 3262 1050 3262 1050 3262 1054 3262 1054 3262 1054 3262 1057 3262 1057 3262 1057 3262 1061 3262 1120 3279 1192 3258 1196 3258 1196 3258 1199 3258 1255 3258 1255 3258 1255 3258 1258 3258 1258 3258 1258 3258 1262 3258 1317 3300 1324 3303 1536 3303 1563 3296 1740 3258 1740 3258 1740 3258 1744 3258 1744 3258 1907 3286 2042 3258 2042 3258 2042 3258 2045 3258 2045 3258 2045 3258 2049 3258 2049 3258 2049 3258 2052 3258 2094 3289 2108 3300 2583 3300 2617 3282 2673 3255 2673 3255 2673 3255 2676 3255 2676 3255 2680 3255 2680 3255 2936 3279 2943 3383 2943 3400 2770 3425 2770 3425 2767 3425 2451 3407 2281 3400 2236 3411 2153 3435 2149 3435 2149 3435 2149 3435 2146 3435 2146 3435 2011 3414 1941 3404 1914 3414 1844 3445 1844 3445 1841 3445 1841 3445 1841 3445 1837 3445 1518 3432 1518 3432 1518 3432 1515 3432 1515 3432 1511 3432 1511 3432 1497 3421 1480 3407 1463 3421 1456 3428 1452 3428 1452 3428 1452 3428 1449 3428 1449 3428 1449 3428 1445 3428 1445 3428 1400 3421 1345 3414 1317 3425 1282 3435 1282 3435 1279 3435 1279 3435 1276 3435 1276 3435 1276 3435 1272 3435 1241 3425 1199 3411 1154 3425 1085 3449 1081 3449 1081 3449 1081 3449 1078 3449 908 3442 908 3442 908 3442 905 3442 905 3442 873 3428 814 3407 596 3407 537 3435 502 3449 502 3449 499 3449 499 3449 499 3449 495 3449 325 3435"/></Shape>
	    <String CONTENT="la plus étendüe et la plus essentielle,"
                    HPOS="315"
                    VPOS="3255"
                    WIDTH="2628"
                    HEIGHT="194"></String>
          </TextLine>

          
          
          <TextLine ID="eSc_line_67270b8f"
                    TAGREFS="LT584"
                    BASELINE="319 3581 2864 3546" 
                    HPOS="305"
                    VPOS="3425"
                    WIDTH="2562"
                    HEIGHT="187">
            <Shape><Polygon POINTS="319 3581 305 3494 371 3473 374 3473 377 3473 381 3473 436 3490 440 3490 756 3456 748 3487 776 3463 780 3463 783 3463 787 3463 790 3463 853 3484 911 3449 915 3449 918 3449 1050 3442 1054 3442 1168 3442 1172 3442 1279 3480 1286 3480 1289 3480 1407 3438 1411 3438 1414 3438 1418 3438 1529 3477 1536 3477 1740 3477 1744 3473 1810 3432 1813 3432 1816 3432 1820 3432 1962 3432 1966 3432 1969 3432 2014 3466 2052 3445 2056 3445 2059 3445 2063 3445 2111 3463 2163 3428 2167 3428 2170 3428 2174 3428 2177 3428 2229 3456 2319 3425 2323 3425 2326 3425 2510 3425 2513 3425 2517 3425 2555 3452 2725 3425 2728 3425 2732 3425 2735 3425 2774 3459 2857 3459 2864 3546 2867 3556 2808 3584 2805 3584 2801 3584 2704 3560 2694 3560 2361 3560 2097 3574 1896 3584 1893 3584 1889 3584 1879 3577 1855 3567 1834 3581 1810 3591 1806 3591 1588 3601 1584 3601 1518 3588 1463 3574 1251 3591 1067 3608 1064 3608 1061 3608 1029 3598 998 3588 950 3598 905 3608 901 3608 898 3608 870 3601 832 3591 499 3605 495 3605 402 3588 322 3612"/></Shape>
	    <String CONTENT="mais celle des soyes, fils et coton"
                    HPOS="305"
                    VPOS="3425"
                    WIDTH="2562"
                    HEIGHT="187"></String>
          </TextLine>

          
          
          <TextLine ID="eSc_line_3b34cdac"
                    TAGREFS="LT584"
                    BASELINE="329 3754 2888 3737" 
                    HPOS="319"
                    VPOS="3561"
                    WIDTH="2569"
                    HEIGHT="273">
            <Shape><Polygon POINTS="329 3754 319 3671 416 3640 419 3640 423 3640 575 3664 662 3653 700 3619 703 3619 707 3619 710 3619 1036 3640 1074 3615 1078 3615 1081 3615 1085 3615 1088 3615 1199 3660 1206 3664 1272 3664 1279 3657 1341 3612 1345 3612 1348 3612 1352 3612 2171 3561 2208 3653 2222 3646 2302 3608 2305 3608 2413 3605 2416 3605 2420 3605 2507 3643 2524 3653 2642 3653 2659 3643 2715 3605 2718 3605 2721 3605 2725 3605 2808 3605 2812 3605 2884 3640 2888 3737 2888 3799 2770 3820 2767 3820 2638 3799 2555 3789 2534 3799 2503 3820 2500 3820 2496 3820 2337 3823 2333 3823 2330 3823 2274 3802 2219 3823 2215 3823 2215 3827 1948 3827 1945 3823 1941 3823 1938 3823 1910 3799 1907 3796 1896 3799 1858 3816 1855 3816 1851 3816 1848 3816 1816 3799 1803 3796 1390 3796 1369 3799 1262 3830 1258 3830 1255 3830 1251 3830 1248 3830 1210 3799 1206 3799 1175 3799 946 3816 943 3816 939 3816 901 3799 898 3799 877 3799 606 3834 603 3834 599 3834 596 3834 561 3806 492 3820 488 3820 485 3820 440 3802 405 3823 402 3823 398 3823 395 3823 391 3823 322 3799"/></Shape>
	    <String CONTENT="mérite aussi l&#39;attention la plus grande"
                    HPOS="319"
                    VPOS="3561"
                    WIDTH="2569"
                    HEIGHT="273"></String>
          </TextLine>

          
        </TextBlock>
        

        
      </PrintSpace>
    </Page>
  </Layout>
</alto>
