3042 4089
337 64 188 198 96

320 186 2461 324 L'art de l'hongroyeur

341 630 226 177 On

562 654 2329 167 appelle hongroyeurs ceux qui pré-

306 795 2564 179 parent les cuirs avec l'alun et le suif.

310 957 2452 164 Cette methode est venue de hongrie

313 1097 2524 180 et l'on doit à Mr. Colbert qui envoya

313 1270 2520 167 dans ce pays la des ouvriers pour

320 1410 2551 171 s'instruire dans cet art, l'établissement

310 1577 2496 177 de nos manufactures en france ou

306 1731 1668 166 du moins leur perfection.

433 1877 2445 170 Le Cuir de hongrie est un cuir fort

303 2030 2568 188 qui a été trempé dans l'alun et le sel

300 2180 2472 191 et qui a été imbibé de suif. L'alun

293 2337 2465 184 et le sel servens a oter au cuir la

320 2501 2558 167 graisse et la gomme naturelles qui le

313 2644 2555 194 rendroient sujet à se ramollir par

272 2778 2626 226 l'humidité, a se durcir par l'exsication

300 2978 2510 160 et à se corrompre par la chaleur.

272 3116 2660 202 Le suif qu'on y met ensuite luy donne

296 3278 2568 191 une onctuosité et une souplesse

293 3468 2479 178 qui le rendent propres aux ouvrages
