3068 4221
126 221 2537 211 matières salines et la fermentation

242 408 2400 189 Le [[Rocon?]], plante des indes avec

112 583 2607 173 laquelle on fait les aurores, moredorés,

116 738 2610 151 couleur d'or, chamois est dans le

123 918 1650 158 même cas que l'indigo.

274 1058 2480 166 Le jaune se fait avec une plante

144 1217 2614 168 appellée Gaude très dissoluble dans

112 1392 531 131 l'eau.

309 1526 2590 183 Le rouge et le Cramoisi fin prennent

105 1688 2213 165 leur teinture de la Cochenille.

313 1867 2466 187 Le ponceau, l'incarnat et le Cerise

137 2047 2628 176 se font avec de la fleur de la Carthame

140 2233 1193 127 ou safranum.

337 2374 2449 144 Les autres couleurs, comme le verd,

140 2532 2639 169 le violet &ce se font par des mélangés

179 2659 2625 190 des couleurs cy dessus et des teintes

140 2828 1654 179 plus ou moins fortes.

358 2982 2474 183 Les bois d'inde, du bresil, de [[fustel ?]],

116 3144 2621 197 l'herbe appellée orseille servent

130 3317 2533 182 aussi dans les compositions de

140 3489 880 165 teinture.//.

2518 68 242 269 57
