3068 4221
140 218 2628 235 pour parfaire cet ouvrage le passe a

119 429 2628 165 l'areon qui est une espèce de perche

137 566 2660 172 aux deux bouts de laquelle on a tendu

123 742 2603 161 une corde à boyau. Les vibrations de

130 956 2635 113 cette corde que L'ouvrier Met en jeu

147 1065 2674 180 battent l'étoffe et lareonnent de manière

161 1231 2586 176 que ses moindres parties pincés suc-

140 1392 2692 180 cessivement sont enlevées et transportées

140 1547 2643 180 de la gauche à la droite de l'ouvrier

119 1720 2667 182 et telle est son adresse qu'il fait tomber

109 1917 2642 165 Le poil dans un espace d'une figure

133 2089 2586 148 déterminée à peu près triangulaire

151 2230 2691 172 qui forme ce qu'on appelle La capade.

133 2384 2586 173 L'étoffe alors est si battue qu'elle

151 2529 2572 186 ressemble au duvet de plus fin et Le

154 2697 2632 201 plus léger. Les capades se feutrent

158 2880 2632 152 a force de les presser avec les mains

140 3060 2646 154 sous une peau de maroquin et en

116 3204 2564 172 Les pliant en tout sens dans une

126 3390 2759 152 grande boite un peu mouillée, on joint

119 3524 2642 158 Les capades et on les feutre ensemble

130 3686 2660 214 par les mêmes moyens, s'il y a quelque

2543 179 204 190 39
