3041 4101
259 133 219 143 40

283 205 2542 225 endroit faible, on y ajoute de la

270 434 2548 167 matière. L'etoffe est ensuite mise

270 598 2545 174 dans une chaudière avec de l'eau

290 731 2588 219 presque bouillante melée avec

294 943 2507 171 une certaine quantité de lie de

277 1114 2634 177 vin. Le feutre y prend de la consis-

273 1305 2672 167 tance en étant toujours roulé pressé

283 1479 2590 157 et manié avec une précaution par

280 1643 2579 154 l'ouvrier. peu à peu ses parties se

283 1790 2621 192 raprochent et se lient. L'etoffe se

277 1965 2534 170 serre et se soude de toutes parts

287 2112 2600 191 cela s'appelle fouler. Les details

287 2299 2576 182 et les differents travaux de cette

301 2474 2565 184 opération sont infinis. Le chapeau

290 2614 2545 219 foulé, on lui donne la forme qu'il

318 2788 2558 188 doit avoir, on le nétoye, on le

331 2942 2518 212 passe à la pierre ponce et avec de

294 3086 2596 235 la peau de chien de mer pour l'unir,

314 3250 2545 218 c'est le rober. alors on le porte à la

290 3410 2682 226 ceinture après l'avoir bien fait dégorger.

307 3581 2590 219 La teinture est composée d'une certaine
