3068 4221
125 277 2675 194 Castors, des Dauphins et des Communs.

225 439 2526 208 Les premiers sont faits de poils de

123 643 2663 190 castor pur, les seconds sont composés de

116 819 2603 176 poil de lapin et de Lievre feeretté et

123 974 2638 176 d'une Légère couche de castor dont

119 1146 2586 162 ils sont couverts, ce qui leur donne

119 1312 2600 158 une superficie fine et brillante et

116 1487 2596 166 qu'on appelle dorure. Les dauphins

112 1646 2653 172 se font avec deux tiers de lapin et

112 1825 2572 158 de Lievre et un tiers d'agneau. il

98 2001 2600 179 [[véntre?]] presque que de la Laine

147 2191 1555 134 dans Les communs.

186 2335 2544 187 Ce mélange de differents poils et

98 2518 2755 218 Laines se fait d'abord en les baguettant

94 2704 2674 173 bien chacun à part pour désunir les

119 2870 2730 200 parties pelotonées ensuite tous ensemble

112 3028 2579 211 pour que les qualités se mêlent enti-

94 3218 2696 176 -erément et ne puissent plus se distinguer

91 3401 2653 151 Les unes des autres. pour achever de

98 3570 2628 158 Les bien mêler, on Les corde encore

105 3721 2695 208 avec des cordes fines à plusieurs reprises

2536 126 292 236 37
