3041 4160
266 100 195 218 58

305 164 2364 297 L'art du Tonnellier

242 523 272 222 Il

533 564 2400 209 y a sans doute beaucoup d'industrie

260 754 2487 178 à construire un vase formé de

249 922 2580 173 plusieurs planches réuniës seulement

260 1085 2579 166 par des liens de bois, qui contient une

260 1220 2562 187 matière liquide, telle que l'eau, le vin,

225 1376 2611 180 l'huile &c sous une forme aisée à

263 1532 2660 194 transporter et la plus propre à soufrir

256 1702 2618 211 un très grand choc sans que la liqueur

263 1850 2628 195 enfermée soit en danger de se perdre.

242 2010 2632 187 Les calculs du Géomêtre echoueroient

270 2173 2646 194 où l'habitude et presqu'une simple

263 2350 2587 173 routine de l'ouvrier réussissent si

249 2502 444 153 bien.

388 2624 2548 184 L'art du tonnellier est fort ancient,

270 2797 2666 177 il paroit qu'il a été tout de suite poussé

266 2964 2664 173 au point de perfection où il est aujour-

218 3120 2687 208 d'hui, cependant il est inconnu encore

256 3269 2622 187 dans quelques pays. dans quelques uns

266 3397 2605 197 de ceux cy on transporté les vins

260 3560 2600 163 dans des peaux enduites de goudron
