3068 4221
105 168 2579 271 de quelque mordant qui ait la propriété

102 400 2652 155 de les garantir de cet inconvenient consi-

123 543 2656 174 dérable. La Laine est la matière qui

112 721 2674 182 prend Le plus facilement Les couleurs

66 882 2614 183 Les plus belles et Les plus solides.

94 1048 2544 183 le coton et le fil sont au contraire les

94 1220 2731 197 plus ingrats et les plus difficiles à teindre.

116 1414 2652 144 la soïe tient le milieu entre ces deux

98 1575 2667 162 espèces. mettez de la laine, de la soïe et

94 1748 2724 140 du coton dans une teinture de cochenille,

112 1906 2663 165 la laine sortira teinte en un rouge

105 2075 2639 183 magnifique, tandis que la soïe n'aura

109 2230 2638 175 qu'une couleur de lie de vin fort terne

109 2395 2638 183 et le coton n'aura pas perdu de son

123 2560 2631 151 blanc. de cette expérience on pourroit

105 2719 2565 158 déduire que les matières purement

105 2870 2604 155 animales, comme la laine, sont aussi

80 3025 2618 165 susceptibles du teint que les matières

94 3176 2541 183 végétales, comme le coton et Le fil

98 3295 2762 233 le sont peu et que la Soïe quoique provenant

98 3489 2751 176 d'un animal a cependent quelques propriétés

105 3619 2649 239 qui la font tenir du végétal. La Soïe

2515 73 180 236 53
