3068 4221
112 211 2639 221 superficie et quelques fois a plus de

105 418 1717 194 50 toises de profondeur.

260 590 2480 233 Pour l'employer à l'usage auquel

98 816 2582 172 on la destine, on commence par

94 991 2671 176 la calciner en formant une espèce

91 1112 2632 224 de piramide avec des couches

102 1319 2571 175 alternatives de cette pierre et de

98 1494 2635 159 charbon de bois et conservant un

98 1649 2653 166 trou dans son milieu du bas jus

91 1815 2589 158 qu'en haut. on y met le feu qui

98 1955 2547 190 y subsiste environ dix heures,

109 2117 2666 183 au bout de ce tems elle est calcinée,

126 2275 2640 183 on la nétoye et on la porte à

112 2433 2561 198 écraser à un moulin composé

116 2616 2716 190 de deux meules qu'un cheval fait

112 2796 2628 158 tourner. La calamine bien broyée

119 2958 2639 179 est portée dans l'attelier de la

112 3123 2642 190 fonderie, on met dans les creusets

94 3285 2618 207 des fourneaux qui sont faits pour

91 3457 2688 183 contenir cette quantité de matière

126 3619 2625 218 60 livres de calamine y compris 20 l.

2540 70 232 200 45
