3041 4101
270 126 191 205 32

266 239 2497 222 L'apret c'est d'abord de faire venir

280 447 2596 185 le poil sur le drap et de l'y ranger par

280 625 2624 222 le moyen de griffes de chardon montée

283 813 2566 184 sur du bois, comme des espèces de

277 977 2613 191 vergettes, le drap est mis sur une perche

270 1148 2565 188 deux ouvriers, un de chaque côté ce

280 1325 2586 188 passent differents chardons plus ou

280 1496 2535 185 moins forts sur ce drap comme s'ils le

280 1677 2576 175 brossoient et en ayant soin de le tenir

273 1852 2508 171 un peu humuté avec de l'eau. C'est à

273 2033 2620 202 l'expérience et à l'intelligence des

287 2224 2517 178 ouvriers à régler cette opération selon

290 2392 2532 198 les qualités du drap pour qu'il soit

290 2576 2528 181 bien et également couvert de poil

287 2747 1710 164 sans avoir été fatigué.

338 2911 2528 198 De là le drap est donné aux tondeurs

287 3092 2538 175 qui en coupent le poil bien uniment

287 3243 2517 167 avec de gros ciseaux qu'on appelle

297 3393 2484 188 des forces. il est brossé, ensuite mis

307 3554 2562 222 aux rames c'est à dire étiré sur toute
