3041 4101
273 116 226 212 42

386 215 2518 225 L'art de repasser les vieux chapeaux

270 434 2637 170 usés au point d'avoir perdu leur couleur

266 598 2518 177 et d'être pleins de trous, est poussé

259 749 2593 190 jusqu'à leur rendre toute leur consis

273 909 2518 191 tance et l'air brillant du neuf. Il

287 1100 2514 188 est vrai que cet art ne produit pas

273 1278 2477 160 des avantages d'une longue durée

290 1445 2429 188 et que quelques jours de service,

283 1616 2518 188 ou la première pluie le remettent

304 1777 2524 188 dans son premier état de vétusté,

301 1947 2640 165 mais alors ses débris qui ne peuvent

311 2105 2535 164 plus couvrir la tête, servent encore

307 2262 2545 181 longtemps pour les porter sous le bras.

307 2419 2566 178 mis en pièces il sert a faire des

301 2576 2493 195 semelles de souliers pour tenir Les

324 2751 2580 177 pieds chauds; on en met des morceaux

328 2911 2504 168 entre les pierres qu'on veut joindre

328 3072 2630 174 exactement pour empecher le passage

331 3239 2586 181 d'un fluide. on en garnit celles

324 3400 2573 184 qu'on veut faire choquer mollement et

355 3537 2508 253 sans bruit; les fileuses s'en servent
