3041 4160
294 100 170 218 48

319 277 2624 145 usines. ces usines sont un composé de

284 433 2628 177 différentes machines pour travailler

298 620 2593 160 le cuivre et qui se réduisent à deux

305 755 2583 177 sortes de travail. le premier consiste

305 956 2593 149 en un assemblage de marteaux pour

312 1119 2572 170 former toute sorte d'ouvrages en

284 1258 2545 180 plat, comme table de cuivre de toute

325 1445 2501 170 épaisseur, ou en concave, Comme

319 1587 2489 187 chaudières, chaudrons &c Le second

287 1757 2552 201 travail est la trefilerie, il est formé

287 1937 2535 201 par l'assemblage des filieres par

291 2111 2517 190 lesquelles on tire le fil de laiton. Ces

305 2284 2448 160 usines sont par le moyen de roues

294 2430 2473 194 qu'un couvrant d'eau fait tourner

280 2600 2608 166 un habile ouvrier en cire ne manie

291 2752 2642 222 pas mieux cette matière que le batteur

298 2918 2635 198 ne manie le cuivre sous Les marteaux

315 3074 2608 215 pour donner à son ouvrage la forme

294 3255 2587 187 l'épaisseur et la convexité nécessaires.

305 3414 2604 170 il les passe pour cela successivement

315 3542 2545 285 et avec la plus grand promptitude.
