3068 4221
105 193 2642 218 de toile pour les faire bouillir dans les

116 386 2593 183 dernières cuites et on employe plus ou

116 555 2596 144 moins de savon pour celles qu'on doit

119 685 2551 166 teindre en d'autres couleurs selon

133 851 2175 147 les couleurs qu'on leur destine.

256 977 2530 187 Les soïes destinées au blanc sont

116 1150 2663 165 souffrées, ce qui leur donne le plus grand

126 1312 2649 151 dégré de blancheur auquel on puisse

126 1470 2614 158 les amener pour cet effet on étend les

112 1618 2597 158 soïes sur des perches à 7 ou 8 pieds de

112 1762 2667 148 hauteur et l'on met au dessous dans une

116 1904 2681 167 terrine sur un tas de cendres des canons

109 2078 2652 162 de souffre qu'on allume, on ferme bien

105 2195 2716 203 la chambre pour empêcher que la vapeur

126 2381 2688 162 du souffre ne se dissipe et on y laisse

87 2529 2449 158 Les soïes exposées toute une Nuit.

200 2660 2583 178 Les Soïes qui doivent être teintes

137 2828 2688 236 sont alunées, l'alunage doit être regardé

137 3021 2558 134 comme une des opérations générales

123 3148 2628 158 de la teinture parce que l'alun est un

119 3306 2628 179 mordant sans lequel La pluspart des

116 3450 2674 180 couleurs ne pourroient pas s'apliquer

123 3615 2607 229 ou du moins n'auroient ni beauté ni

2603 102 120 154 55
