3068 4221
87 189 2747 257 sous les coups de marteaux de façon qu'il

123 425 2572 176 le fait toucher dans tous les points et

109 601 2586 176 en changeant de côté il fait recroiser

102 766 2822 173 les premiers coups de façon qu'ils se confondent

123 907 2234 201 sans qu'il paroissé de trait croisé.

355 1065 2336 204 La machine de la trefilerie est

112 1245 2484 186 très compliquée, on peut s'en faire

140 1405 2681 174 une idée en général en se representant

130 1583 2512 168 une grosse tenaille qu'un levier poussé

116 1751 2740 201 par une rouë fait ouvrir et fermer

120 1934 2729 237 avec force. cette tenaille va chercher

94 2096 2608 190 le fil de laiton dont le bout a été

133 2274 2523 191 d'abord introduit par l'ouvrier dans

94 2430 2780 218 le trou de la filerie et le tirant avec

74 2597 2635 293 force après s'en être saisie, le force

126 2824 1819 186 de passer en s'allongeant.

263 2996 2579 282 Les premières manufactures en Cuivre

112 3125 2579 216 ont été établies à Namur dans Les

112 3348 2572 183 environs duquel on trouve beaucoup

109 3492 2607 176 de mines de Calamine. il s'en est

105 3658 2628 221 depuis formé dans le Royaume il y en

2487 109 208 161 49
