3041 4101
212 126 65 147 2

218 198 2569 229 opération ne donne aucune force à l'étoffe

212 410 2507 150 mais on a trouvé agréable d'en avoir

201 533 2580 171 qui fussent comme sablées ou couvertes

208 683 2531 174 d'un nombre considérable de ces petits

225 844 2480 157 boutons se touchants presque les uns

218 984 2559 154 les autres; s'il ne s'agissoit que de ratiner

225 1144 2583 175 un petit morceau d'étoffe, il suffiroit de

222 1288 2620 143 l'etendre et de l'attacher sur une table

229 1431 2620 195 plate et rembourée bien ferme, prenant

236 1619 2562 164 ensuite une planche sur laquelle on

232 1753 2607 208 auroit étendu de la Colle forte et saupoudré

242 1937 2511 171 de sable assez fin, ce que les apreteurs

249 2084 2508 147 de Draps, nomment une tuile, il n'y

242 2248 2542 151 auroit qu'a appuyer cette tuile sur la

242 2399 2501 167 surface du drap qu'on veut ratiner et

242 2552 2542 158 lui imprimer un mouvement rapide et

259 2699 2545 178 circulaire, les poils se joindroient les uns

263 2857 2624 170 aux autres, ils s'entortilleroient ensemble

253 3024 2603 181 et le morceau d'etoffe seroit ratiné, mais

256 3174 2562 195 le moyen peu expéditif et fatiguant

256 3325 2504 188 ne seroit pas praticable en grand ou

263 3468 2514 198 pour un nombre considérable d'étoffes
