3068 4221
2543 123 201 151 33

80 221 2667 229 la longeur et la largeur q'il doit avoir

70 443 2709 190 on le laisse secher, il est mis sous presse

116 605 2628 200 et enfin emballé. les draps se teignent

130 780 2621 211 aprés avoir été fabriqués et au fortir

123 963 2607 201 du foulon. d'autres sont teints en laine

144 1146 2572 187 c'est a dire que les laines sont déjá

119 1304 2618 212 teintes avant d'etre employées a la

144 1501 999 194 fabrication.//.

200 1910 2206 277 L'art du Chapelier

119 2405 2664 233 Quiconque n'aura pas vû faire des

140 2617 2614 182 chapeaux, ou n'aura point appris

144 2799 2709 173 comment on les fabrique, n'imaginera

144 2989 2649 159 jamais par combien de mains La

130 3151 2649 183 matiére qu'on y employe doit passer

140 3317 2741 186 ni le travail qu'elle exige de chaque

154 3510 2526 151 ouvrier pour devenir cette espèce

168 3633 2607 236 de coiffure dont Le chapelier fait
