3068 4221
2540 133 246 158 41

126 221 2674 232 quantité de bois de campeche, de noix

112 425 2604 204 de galle, de gomme et de coupe rose

116 597 2572 176 dans de l'eau chaude mise dans une

112 777 2723 179 chaudière qui peut recevoir ordinaire^t

126 928 2667 208 150 chapeaux à la fois. ils y restent deux

109 1122 2607 190 heures, au bout desquelles on les retire

123 1276 2716 204 et met à l'air où ils demeurent pendant

94 1452 2615 183 les deux autres heures qu'on met 150

112 1625 2695 175 autres chapeaux à teindre, cette opé

119 1790 2597 193 -ration se repete huit fois, c'est ce que

84 1959 2589 193 les teinturiers appellent donner la

154 2121 1334 189 chaude et l'event.

186 2286 2512 186 Les chapeaux bien teints et feutrés

105 2462 2614 176 sont lavés pour enlever les parties

130 2627 2723 169 grossières de la teinture qui n'auroient

119 2789 2639 176 pas pris assez d'adhérence avec le

123 2954 2603 169 feutre, on les porte à l'étuve et de

112 3098 2709 180 là ils passent entre les mains de l'apreteur

98 3260 2611 169 dont les differentes opérations sont

112 3411 2709 173 encore considérables pour leur donner

119 3577 1882 235 La Gomme et Le Lustre.

2146 3654 513 151 T S. v. P.
