3599 4715
228 153 424 184 La PL

1034 176 2211 157 represente touttes les pieces d'une petitte lunette

157 345 3245 185 acromatique avec un petit pied faitte a londre par Nairne-prix 4 guinées

330 526 3044 161 la F. 1er fait voir la coupe de toutte la lunette avec ses verres le tuyau

133 683 3202 173 interieure un peu tiré l'objectif ferme de son couvercle le tout en cuirve

298 856 3025 177 la F. 2. est la coupe de la boette qui porte l'objectif qui est composé

165 1037 3229 165 de deux verres dont un da coté de l'objet est lenticulaire et l'autre est

177 1210 3272 169 menisque ces deux verres ensemble forment un foger de 6 pou 6 ligne

306 1371 3021 173 la F. 3. est le plan de la boëte qui porte deux oculaire qui se

153 1544 3151 192 poussent par le moyen dun petit bouton B fig. 4 pour le quel il y a

157 1724 3150 162 un veinure que lon peut voir en r F. 6. ces deux occulaires sont de

157 1886 3206 188 differents foyers et sont menisques. il sont dans une lame de cuivre

165 2062 3103 181 qui coule dans la boette a double fond de facon que lon peur mettre

161 2227 3084 165 vis avis du trou du mileiur T.  la lentilles que l'on veut la F. 1 fait

165 2412 3292 161 voir en B la position de ces vers menisque en D on voit un diaphragme

165 2605 3237 157 percé. Cette boete inferieurement est a vis au V pour y recevoir des

145 2766 3312 165 porte lentilles simple ou un verre coloré pour le soleil. ce tuyau interieur

153 2915 3261 185 est fendu de 6 fentes pour faire ressort en le tirant pour trouver

157 3068 3296 220 les foyer. on voit au tuyau exterieure en 5 une rainure a queue deronde

153 3249 3261 208 qui se sert par un cercle a visse N, pour recevoir lare du pied A.F.8

149 3445 2871 177 dont le bord est taillé en queue deronde comme la F. 9 le montre en O

220 3626 3091 138 la F.7. est le plan du pied les branches étendues.  La F. 8 est la coupe

118 3772 3178 184 dune partie du pied detaché de latige qui porte les branches on voit

102 3968 3245 173 la visse en bois pour l'attacher ou lon veut il y a une petitte rainure en S pour

90 4125 3269 146 recevoir lextremité des branches lorsquelles sont repliée comme en la F. 10.

224 4302 2600 192 la F. 11. represente exterieurement toutte la lunette fermeé.

1467 0 220 172 114

3205 4396 161 189 (13)
